@article{kato_global_2015,
	title = {Global {Brain} {Dynamics} {Embed} the {Motor} {Command} {Sequence} of {Caenorhabditis} elegans},
	volume = {163},
	issn = {0092-8674, 1097-4172},
	url = {https://www.cell.com/cell/abstract/S0092-8674(15)01196-4},
	doi = {10.1016/j.cell.2015.09.034},
	number = {3},
	journal = {Cell},
	author = {Kato, Saul and Kaplan, Harris S. and Schrödel, Tina and Skora, Susanne and Lindsay, Theodore H. and Yemini, Eviatar and Lockery, Shawn and Zimmer, Manuel},
	month = oct,
	year = {2015},
	pages = {656--669},
}




@article{kaplan_nested_2020,
	title = {Nested {Neuronal} {Dynamics} {Orchestrate} a {Behavioral} {Hierarchy} across {Timescales}},
	volume = {105},
	issn = {0896-6273},
	url = {https://www.sciencedirect.com/science/article/pii/S0896627319309328},
	doi = {10.1016/j.neuron.2019.10.037},
	number = {3},
	urldate = {2023-03-08},
	journal = {Neuron},
	author = {Kaplan, Harris S. and Salazar Thula, Oriana and Khoss, Niklas and Zimmer, Manuel},
	month = feb,
	year = {2020},
		pages = {562--576.e9},
}




@article{valencia_urbina_emergent_2023,
	title = {Emergent dynamics in a robotic model based on the {Caenorhabditis} elegans connectome},
	volume = {16},
	issn = {1662-5218},
	url = {https://www.ncbi.nlm.nih.gov/pmc/articles/PMC9868850/},
	doi = {10.3389/fnbot.2022.1041410},
	journal = {Frontiers in Neurorobotics},
	author = {Valencia Urbina, Carlos E. and Cannas, Sergio A. and Gleiser, Pablo M.},
	month = jan,
	year = {2023},
	pages = {1041410},
}


@PhdThesis{Mahdi_tesis_2020,
	author = {Mg. Mahdi Zarepour Nasir Abadi},
	title = {Criticalidad en modelos de actividad neuronal: efectos del tamaño y topología de la red},
	school = {Universidad Nacional de Córdoba},
	year = {2020},
	month = {jun},
}


@article{haimovici_brain_2013,
	title = {Brain {Organization} into {Resting} {State} {Networks} {Emerges} at {Criticality} on a {Model} of the {Human} {Connectome}},
	volume = {110},
	url = {https://link.aps.org/doi/10.1103/PhysRevLett.110.178101},
	doi = {10.1103/PhysRevLett.110.178101},
	number = {17},
	journal = {Physical Review Letters},
	author = {Haimovici, Ariel and Tagliazucchi, Enzo and Balenzuela, Pablo and Chialvo, Dante R.},
	month = apr,
	year = {2013},
	pages = {178101},
}

@article{chialvo_life_2018,
	title = {Life at the {Edge}: {Complexity} and {Criticality} in {Biological} {Function}},
	volume = {49},
	issn = {0587-4254},
	url = {https://ui.adsabs.harvard.edu/abs/2018AcPPB..49.1955C},
	doi = {10.5506/APhysPolB.49.1955},
	journal = {Acta Physica Polonica B},
	author = {Chialvo, D. R.},
	month = jan,
	year = {2018},
   pages = {1955},
}
@article{busbice_extending_nodate,
	title = {Extending the {C}. {Elegans} {Connectome} to {Robotics}},
	author = {Busbice, Timothy},
	journal = {Original Research },
	year = {2014},
	month = may,
	url = {http://www.connectomeengine.com/download/Papers/Connectome.pdf},
	
}


